<?xml version="1.0" encoding="UTF-8"?><collection><record><leader>10704ntm a2200745 a 4500</leader><controlfield tag="001">006813259</controlfield><controlfield tag="003">MiAaHDL</controlfield><controlfield tag="005">20190719000000.0</controlfield><controlfield tag="006">m        d        </controlfield><controlfield tag="007">cr bn ---auaua</controlfield><controlfield tag="008">090604s1759    xx            00| ||ara d</controlfield><datafield tag="035" ind1=" " ind2=" "><subfield code="a">(MiU)006813259</subfield></datafield><datafield tag="035" ind1=" " ind2=" "><subfield code="a">sdr-miu006813259</subfield></datafield><datafield tag="040" ind1=" " ind2=" "><subfield code="a">MiU</subfield><subfield code="c">MiU</subfield><subfield code="e">amremm</subfield></datafield><datafield tag="043" ind1=" " ind2=" "><subfield code="a">n-us-mi</subfield></datafield><datafield tag="100" ind1="1" ind2=" "><subfield code="6">880-01</subfield><subfield code="a">Tāfīlātī, Muḥammad ibn Muḥammad,</subfield><subfield code="d">d. 1777</subfield></datafield><datafield tag="245" ind1="1" ind2="0"><subfield code="6">880-03</subfield><subfield code="a">[Risālat al-Qawlah al-kāfiyah fīmā warada fī Anṭākiyah ... etc.,</subfield><subfield code="f">1172, i.e. 1759].</subfield></datafield><datafield tag="246" ind1="3" ind2=" "><subfield code="i">Title of opening work from opening matter on p.2:</subfield><subfield code="a">قولة الكافية فيما ورد في انطاكيه</subfield></datafield><datafield tag="246" ind1="3" ind2=" "><subfield code="i">Title on opening 'title page' (p.1):</subfield><subfield code="a">هذه رسالة القولة الكافية فيما ورد في انطاكيا ويليها تحذير اعلام البشر من احاديث عكا وعينها المسماة بعين البقر</subfield></datafield><datafield tag="260" ind1=" " ind2=" "><subfield code="c">[1759].</subfield></datafield><datafield tag="300" ind1=" " ind2=" "><subfield code="a">69 leaves :</subfield><subfield code="b">paper ;</subfield><subfield code="c">222 x 175 (148-151 x 85-90) mm.</subfield></datafield><datafield tag="500" ind1=" " ind2=" "><subfield code="a">Shelfmark: Ann Arbor, University of Michigan, Special Collections Library, Isl. Ms. 665</subfield></datafield><datafield tag="500" ind1=" " ind2=" "><subfield code="a">Origin: As appears in authorial colophon on p.6, composition [or transcription? if not certainly fairly contemporary] of opening work completed 6 Dhū al-Ḥijjah 1172 [?] [ca. 31 July 1759 ?]. As appears in colophon on p.135, final work copied by Muḥammad ibn al-Sayyid Abī Bakr al-shahīr bi-Ibn al-Miʻmārī with transcription completed 23 Jumādá I 1172 [ca. 22 January 1759].</subfield></datafield><datafield tag="500" ind1=" " ind2=" "><subfield code="a">Accompanying materials: Acquisitions slip from Yahuda.</subfield></datafield><datafield tag="500" ind1=" " ind2=" "><subfield code="a">Former shelfmark: From inner front cover and spine label, "IL 146" (likely supplied by Yahuda, see acquisitions slip).</subfield></datafield><datafield tag="500" ind1=" " ind2=" "><subfield code="a">Binding: Pasteboards covered in shell marbled paper (in brown, red, and dark blue) with red leather over spine and fore edge flap ; Type II binding (with flap) ; board linings in untinted wove paper ; sewn in white and dark blue thread, four stations ; worked chevron endbands in cream and dark blue, now quite dingy but in fairly good condition ; overall in somewhat poor condition with abrasion, staining, lifting and losses of paper and leather, minor delamination of boards, etc.</subfield></datafield><datafield tag="500" ind1=" " ind2=" "><subfield code="a">Support: European laid paper of at least two main types ; one type with 10 laid lines per cm. (vertical), chain lines spaced 22 mm. apart (horizontal), and grapes (raisin) under crown watermark (see p.6, 7, etc.) ; another type with 11-12 laid lines per cm. (vertical), chain lines spaced 24-25 mm. apart (horizontal), and watermarks of double-headed eagle (see p.18, 20, 30, 32, etc.) and names (see p.24, 25), dark cream to beige in color, thin though dense and sturdy, well-burnished ; some ink burn.</subfield></datafield><datafield tag="500" ind1=" " ind2=" "><subfield code="a">Decoration: Keywords and section headings rubricated (or bolded and accented with red ink, as in the opening works) ; textual dividers in the form of red discs and three inverted commas ; written area of final work surrounded by red rule-border.</subfield></datafield><datafield tag="500" ind1=" " ind2=" "><subfield code="a">Script: Naskh ; two elegant 'Syrian' or Egyptian hands ; hand supplying opening two works neat and compact, partially but irregularly seriffed with right-sloping head-serif on various ascenders (even occasional free-standing alif), marked effect of tilt to the left, rounded with curvilinear descenders, somewhat carelessly pointed in strokes or distinct dots, tāʼ marbūṭah very often unpointed, some free assimilation of letters ; hand supplying final work another fine hand, virtually serifless with effect of tilt to the left, curvilinear descenders (some sweeping), pointing in conjoined dots or strokes.</subfield></datafield><datafield tag="500" ind1=" " ind2=" "><subfield code="a">Layout: Written in 19 and 25 lines per page ; frame-ruled.</subfield></datafield><datafield tag="500" ind1=" " ind2=" "><subfield code="a">Collation: III+1 (7), 5 V(57), VI (69) ; chiefly quinions ; pagination in pencil, Hindu-Arabic numerals, appears on recto of each leaf only (final work) ; catchwords present ; pagination in pencil, Western numerals, supplied during digitization.</subfield></datafield><datafield tag="500" ind1=" " ind2=" "><subfield code="a">Colophon: [al-Qawlah al-kāfiyah] "Authorial," triangular, reads: "تمت ست في ذي الحجة سنة اثنين وسبعين ومائة والف [؟] ... تم" ; [Badāʼiʻ al-zuhūr] "Scribal," triangular, reads: "وكان الفراغ من كتابة هذا الجزء الاول من بدائع الزهور في وقائع الدهور بعد ظهر نهار الاثنين المبارك ثالث عشرين جمادى الاولى الذي هو من شهور سنة ١١٧٢ اثنين وسبعين ومائة والف من هجرة من له العز والشرف عليه افضل الصلاة والسلام على يد الفقير الى مولاه الباري محمد ابن السيد ابي بكر الشهير بابن المعماري لطف الله به وجعله من خربه امين امين امين"</subfield></datafield><datafield tag="500" ind1=" " ind2=" "><subfield code="a">Incipit: [al-Qawlah al-kāfiyah] "الحمد لله الذي رفع اهل الاثر في البدو والحضر ... وبعد فيقول محمد بن محمد المغربي الازهري غفر الله ذنوبه وستر قد سئلت عن حديث اشهر مضمونه ان انطاكيه وبعض البلدان من مدن النار ذات الشرر فاجبت بانه موضوع مفتري منكر ثم بعد يومين جاني بعض الاخوان اهل الود المدخر بذلك الحديث المشتهر فعلقت هذه التعليقة المزرية بعقد الدرر ولقبتها القولة الكافية فيما ورد في انطاكيه ..." ; [Taḥdhīr aʻlām al-bashar] "الحمد لله الذي حما حمى السنة المحمدية بأئمة جهابذة نقاد ... اما بعد فيقول فقير مولاه الغني محمد بن محمد المغربي الازهري منح فتح الجواد لما وردنا موارد حلب الغدية الاوراد سنة اثنين وسبعين ومائة والف لازاحة ما على القلب من الانكاد ... ورد علينا سؤال حديثي مضمونه ... بفضل عكا الشهيرة عن التعريف بين الحاضر والباد فكتبت عليه بانه موضوع وكل ما اورد فيها وفي عينها وهو مفتري عند علماء الاسناد ... وسميت الرقيم تحذير اعلام البشر من احاديث عكا وعينها المسمات بعين البقر ..." ; [Badāʼiʻ al-zuhūr] "وصلى الله على سيدنا محمد وعلى اله وصحبه وسلم قال مؤلفه في ذكر قصة النبي صلى الله عليه وسلم يقول الله تعالى في محكم كتابه العزيز ما كان محمد ابا احد من رجالكم ولكن رسول الله وخاتم النبيين ..."</subfield></datafield><datafield tag="500" ind1=" " ind2=" "><subfield code="a">Title supplied by cataloguer from opening 'title page' (p.1).</subfield></datafield><datafield tag="500" ind1=" " ind2=" "><subfield code="a">Ms. composite codex.</subfield></datafield><datafield tag="505" ind1="0" ind2=" "><subfield code="a">4. p.136-p.138 : [blank].</subfield></datafield><datafield tag="505" ind1="0" ind2=" "><subfield code="a">3. p.16-p.135 : al-Juzʼ al-awwal min Badāʼiʻ al-zuhūr fī waqāʼiʻ al-duhūr / al-Suyūṭī [?].</subfield></datafield><datafield tag="505" ind1="0" ind2=" "><subfield code="a">2. p.6-p.14 : Taḥdhīr aʻlām al-bashar min aḥādīth ʻAkkā wa-ʻaynihā al-musammāh bi-ʻAyn al-Baqar / Muḥammad ibn Muḥammad al-Maghribī al-Azharī al-Tāfīlātī.</subfield></datafield><datafield tag="505" ind1="0" ind2=" "><subfield code="a">1. p.2-p.6 : Risālat al-Qawlah al-kāfiyah fīmā warada fī Anṭākiyah / Muḥammad ibn Muḥammad al-Maghribī al-Azharī al-Tāfīlātī.</subfield></datafield><datafield tag="510" ind1="4" ind2=" "><subfield code="a">Bayṭār, ʻAbd al-Razzāq. Ḥilyat al-bashar fī tārīkh al-qarn al-thālith ʻashar,</subfield><subfield code="c">2 / 33-37</subfield></datafield><datafield tag="510" ind1="4" ind2=" "><subfield code="a">Brockelmann, C. GAL,</subfield><subfield code="c">II 157 (no. 288)</subfield></datafield><datafield tag="520" ind1="8" ind2=" "><subfield code="a">Fine composite manuscript opening with two works attributed to Muḥammad ibn Muḥammad al-Maghribī al-Azharī al-Tāfīlātī (d.1777) in which he exposes the spurious nature of two circulating ḥadīth on Antioch (Anṭākīyah) and other supposedly condemned cities and Acre (ʻAkkā) and its spring, followed by the first part of a work of uncertain attribution (possibly of al-Suyūṭī ?) entitled Badāʼiʻ al-zuhūr fī waqāʼiʻ al-duhūr, addressing the Prophet, his lineage, family, special qualities, etc.</subfield></datafield><datafield tag="538" ind1=" " ind2=" "><subfield code="a">Mode of access: Internet.</subfield></datafield><datafield tag="541" ind1=" " ind2=" "><subfield code="a">Acquired in 1926 from the bookseller Isaac Benjamin S.E. Yahuda via purchase transacted on his behalf by Abraham Shalom Yahuda (1877-1951), his younger brother.</subfield></datafield><datafield tag="546" ind1=" " ind2=" "><subfield code="a">Arabic.</subfield></datafield><datafield tag="561" ind1=" " ind2=" "><subfield code="a">Ownership statements on opening 'title page' (p.1) and on 'title page' for third work (p.15) in name of al-Sayyid al-Ḥājj ʻAbd al-Raḥmān Shaykhbandarʹzādah [?] ( Abdurrahman Şeyhbenderzade / السيد الحاج عبد الرحمن شيخبندر زاده ) each dated 24 [?] Ramaḍān 1251 [ca. 13 January 1836] ; reading / study notice on opening 'title page' (p.1) in name of Aḥmad ibn Muḥammad [?] ( احمد بن محمد ) dated 1320 [1902 or 3] ; occasional marginal corrections.</subfield></datafield><datafield tag="650" ind1=" " ind2="0"><subfield code="a">Manuscripts, Arabic</subfield><subfield code="z">Michigan</subfield><subfield code="z">Ann Arbor.</subfield></datafield><datafield tag="650" ind1="0" ind2="0"><subfield code="a">Muḥammad,</subfield><subfield code="c">Prophet,</subfield><subfield code="d">d. 632,</subfield><subfield code="v">Early works to 1800.</subfield></datafield><datafield tag="650" ind1=" " ind2="0"><subfield code="a">Hadith</subfield><subfield code="x">Criticism, interpretation, etc.</subfield><subfield code="v">Early works to 1800.</subfield></datafield><datafield tag="650" ind1=" " ind2="0"><subfield code="a">Hadith</subfield><subfield code="x">Forgeries</subfield><subfield code="v">Early works to 1800.</subfield></datafield><datafield tag="700" ind1="0" ind2=" "><subfield code="6">880-11</subfield><subfield code="a">Abdürrahim Şeyhbenderzade,</subfield><subfield code="d">fl. 1836,</subfield><subfield code="e">former owner.</subfield></datafield><datafield tag="700" ind1="0" ind2=" "><subfield code="6">880-09</subfield><subfield code="a">Muḥammad ibn Abī Bakr Ibn al-Miʻmārī,</subfield><subfield code="d">fl. 1759,</subfield><subfield code="e">scribe.</subfield></datafield><datafield tag="700" ind1="0" ind2="2"><subfield code="6">880-06</subfield><subfield code="a">Suyūṭī,</subfield><subfield code="d">1445-1505.</subfield><subfield code="t">Badāʼiʻ al-zuhūr fī waqāʼiʻ al-duhūr.</subfield></datafield><datafield tag="700" ind1="1" ind2="2"><subfield code="6">880-05</subfield><subfield code="a">Tāfīlātī, Muḥammad ibn Muḥammad,</subfield><subfield code="d">d. 1777.</subfield><subfield code="t">Taḥdhīr aʻlām al-bashar min aḥādīth ʻAkkā wa-ʻaynihā al-musammāh bi-ʻAyn al-Baqar.</subfield></datafield><datafield tag="740" ind1="0" ind2="2"><subfield code="6">880-07</subfield><subfield code="a">Juzʼ al-awwal min Badāʼiʻ al-zuhūr fī waqāʼiʻ al-duhūr</subfield></datafield><datafield tag="740" ind1="0" ind2="2"><subfield code="a">Kitāb Badāʼiʻ al-zuhūr fī waqāʼiʻ al-duhūr</subfield></datafield><datafield tag="740" ind1="0" ind2="2"><subfield code="a">Raqīm bi-taḥdhīr aʻlām al-bashar min aḥādīth ʻAkkā wa-ʻaynihā al-musammāh bi-ʻAyn al-Baqar</subfield></datafield><datafield tag="773" ind1="0" ind2=" "><subfield code="a">Yahuda Collection.</subfield></datafield><datafield tag="880" ind1="0" ind2=" "><subfield code="6">700-11/</subfield><subfield code="a">عبد الرحيم شيخبندر زاده,</subfield><subfield code="e">مالك سابق.</subfield></datafield><datafield tag="880" ind1="0" ind2=" "><subfield code="6">700-09/</subfield><subfield code="a">محمد بن ابي بكر ابن المعماري,</subfield><subfield code="e">ناسخ.</subfield></datafield><datafield tag="880" ind1="0" ind2="2"><subfield code="6">740-07/</subfield><subfield code="a">جزء الاول من بدائع الزهور في وقائع الدهور</subfield></datafield><datafield tag="880" ind1="0" ind2="2"><subfield code="6">700-06/</subfield><subfield code="a">ابن اياس.</subfield><subfield code="t">بدائع الزهور في وقائع الدهور.</subfield></datafield><datafield tag="880" ind1="1" ind2="2"><subfield code="6">700-05/</subfield><subfield code="a">تافيلاتي، محمد بن محمد.</subfield><subfield code="t">تحذير اعلام البشر من احاديث عكا وعينها المسماة بعين البقر.</subfield></datafield><datafield tag="880" ind1="1" ind2="0"><subfield code="6">245-03/</subfield><subfield code="a">[رسالة القولة الكافية فيما ورد في انطاكية ... الخ,</subfield><subfield code="f">1172ه، 1759م].</subfield></datafield><datafield tag="880" ind1="1" ind2=" "><subfield code="6">100-01/</subfield><subfield code="a">تافيلاتي، محمد بن محمد.</subfield></datafield><datafield tag="CID" ind1=" " ind2=" "><subfield code="a">006813259</subfield></datafield><datafield tag="DAT" ind1="0" ind2=" "><subfield code="a">20190719102638.0</subfield><subfield code="b">20190719000000.0</subfield></datafield><datafield tag="DAT" ind1="1" ind2=" "><subfield code="a">20190719090653.0</subfield><subfield code="b">2019-07-19T16:11:56Z</subfield></datafield><datafield tag="DAT" ind1="2" ind2=" "><subfield code="a">2015-10-02T18:00:03Z</subfield></datafield><datafield tag="CAT" ind1=" " ind2=" "><subfield code="a">SDR-MIU</subfield><subfield code="d">EX LIBRIS - ALEPH</subfield><subfield code="l">prepare.pl-004-008</subfield></datafield><datafield tag="FMT" ind1=" " ind2=" "><subfield code="a">BK</subfield></datafield><datafield tag="HOL" ind1=" " ind2=" "><subfield code="0">sdr-miu006813259</subfield><subfield code="a">MiU</subfield><subfield code="b">SDR</subfield><subfield code="c">MIU</subfield><subfield code="p">mdp.39015079128289</subfield><subfield code="s">MIU</subfield><subfield code="1">006813259</subfield></datafield><datafield tag="974" ind1=" " ind2=" "><subfield code="b">MIU</subfield><subfield code="c">MIU</subfield><subfield code="d">20190719</subfield><subfield code="s">lit-dlps-dc</subfield><subfield code="u">mdp.39015079128289</subfield><subfield code="y">1759</subfield><subfield code="r">pd</subfield><subfield code="q">bib</subfield><subfield code="t">non-US bib date1 &lt; 1879</subfield></datafield></record></collection>